<?xml version="1.0" encoding="UTF-8"?><record xmlns="http://www.loc.gov/MARC21/slim" xmlns:cinclude="http://apache.org/cocoon/include/1.0" xmlns:zs="http://www.loc.gov/zing/srw/">
  <leader>00793cz  a2200217n  4500</leader>
  <controlfield tag="001">n  86716552 </controlfield>
  <controlfield tag="003">DLC</controlfield>
  <controlfield tag="005">20130110075220.0</controlfield>
  <controlfield tag="008">881110n| azaaaaaan          |a ana      </controlfield>
  <datafield tag="010" ind1=" " ind2=" ">
    <subfield code="a">n  86716552 </subfield>
  </datafield>
  <datafield tag="035" ind1=" " ind2=" ">
    <subfield code="a">(OCoLC)oca02401757</subfield>
  </datafield>
  <datafield tag="040" ind1=" " ind2=" ">
    <subfield code="a">DLC</subfield>
    <subfield code="b">eng</subfield>
    <subfield code="e">rda</subfield>
    <subfield code="c">DLC</subfield>
    <subfield code="d">DLC</subfield>
    <subfield code="d">UPB</subfield>
    <subfield code="d">DLC</subfield>
  </datafield>
  <datafield tag="130" ind1=" " ind2="0">
    <subfield code="a">Hochschuldokumentationen zu Musikwissenschaft und Musikpädagogik, Musikhochschule Freiburg</subfield>
  </datafield>
  <datafield tag="410" ind1="2" ind2=" ">
    <subfield code="a">Staatliche Hochschule für Musik (Freiburg im Breisgau, Germany).</subfield>
    <subfield code="t">Hochschuldokumentationen zu Musikwissenschaft und Musikpädagogik, Musikhochschule Freiburg</subfield>
  </datafield>
  <datafield tag="641" ind1=" " ind2=" ">
    <subfield code="a">Vol. 1 numb. retrospectively</subfield>
  </datafield>
  <datafield tag="642" ind1=" " ind2=" ">
    <subfield code="a">Bd. 2</subfield>
    <subfield code="5">DLC</subfield>
  </datafield>
  <datafield tag="643" ind1=" " ind2=" ">
    <subfield code="a">Regensburg</subfield>
    <subfield code="b">G. Bosse</subfield>
  </datafield>
  <datafield tag="644" ind1=" " ind2=" ">
    <subfield code="a">f</subfield>
    <subfield code="5">DLC</subfield>
  </datafield>
  <datafield tag="645" ind1=" " ind2=" ">
    <subfield code="a">t</subfield>
    <subfield code="5">DLC</subfield>
  </datafield>
  <datafield tag="646" ind1=" " ind2=" ">
    <subfield code="a">s</subfield>
    <subfield code="5">DLC</subfield>
  </datafield>
  <datafield tag="670" ind1=" " ind2=" ">
    <subfield code="a">Musikalische Bildung und Kultur, 1987:</subfield>
    <subfield code="b">ser. t.p.</subfield>
  </datafield>
</record>